../../bibtex/eor_references.bib